%% Created using Papers on Mon, 18 Mar 2013.
%% http://mekentosj.com/papers/

@article{Theunissen:2009cr,
author = {Theunissen, Raf and Scarano, Fulvio and Riethmuller, Michel L},
title = {{Spatially adaptive PIV interrogation based on data ensemble}},
journal = {Experiments in Fluids},
year = {2009},
volume = {48},
number = {5},
pages = {875--887},
month = nov
}

@article{Yu:2006tb,
author = {Yu, Haiqian and Leeser, Miriam and Tadmor, Gilead and Siegel, Stefan},
title = {{Real-time Particle Image Velocimetry for feedback loops using FPGA implementation}},
journal = {Journal of Aerospace Computing, Information and Communication},
year = {2006},
volume = {3},
number = {2},
pages = {52--62}
}

